@misc{MDN_HTML_JS,
title = "How to use JavaScript within a webpage",
author = "{Mozilla Developer Network}",
howpublished = "\url{https://developer.mozilla.org/en-US/docs/Learn/HTML/Howto/Use_JavaScript_within_a_webpage}",
year = 2022,
note = "Accessed: 2023-03-26"
}

@misc{MDN_Events,
title = "Creating and triggering events",
author = "{Mozilla Developer Network}",
howpublished = "\url{https://developer.mozilla.org/en-US/docs/Web/Events/Creating_and_triggering_events}",
year = 2022,
note = "Accessed: 2023-03-26"
}

@misc{FES_JS_Crash_Course,
title = "JavaScript Crash Course",
author = "{Frontend Simplified}",
howpublished = "\url{https://frontendsimplified.com/javascript/crashcourse}",
year = 2022,
note = "Accessed: 2023-03-26"
}

@misc{FES_JS_Beginner,
title = "JavaScript Beginner Challenges",
author = "{Frontend Simplified}",
howpublished = "\url{https://frontendsimplified.com/javascript/beginner}",
year = 2022,
note = "Accessed: 2023-03-26"
}

@misc{FES_JS_Medium,
title = "JavaScript Medium Challenges",
author = "{Frontend Simplified}",
howpublished = "\url{https://frontendsimplified.com/javascript/medium}",
year = 2022,
note = "Accessed: 2023-03-26"
}

@misc{FES_JS_Hard,
title = "JavaScript Advanced Challenges",
author = "{Frontend Simplified}",
howpublished = "\url{https://frontendsimplified.com/javascript/hard}",
year = 2022,
note = "Accessed: 2023-03-26"
}

@misc{FES_JS_Interview,
title = "JavaScript Interview Questions (Fundamentals)",
author = "{Frontend Simplified}",
howpublished = "\url{https://frontendsimplified.com/interviews/javascript}",
year = 2022,
note = "Accessed: 2023-03-26"
}

@misc{Udemy_JS_Course,
title = "Modern JavaScript From The Beginning",
author = "{Brad Traversy}",
howpublished = "\url{https://www.udemy.com/course/modern-javascript/learn/lecture/8913696#overview}",
year = 2019,
note = "Accessed: 2023-03-27"
}

@misc{PangeaBestPractices,
title = "JavaScript Best Practices",
author = "{Pangea}",
howpublished = "\url{https://www.pangea.ai/dev-javascript-resources/best-practices/}",
year = {2023},
note = "Accessed: 2023-04-21"
}

@misc{TutorialsPointAdvDisadv,
title = "Advantages and Disadvantages of JavaScript",
author = "{Tutorials Point}",
howpublished = "\url{https://www.tutorialspoint.com/advantages-and-disadvantages-of-javascript}",
year = {2023},
note = "Accessed: 2023-04-21"
}

